<?xml version="1.0" encoding="UTF-8"?><collection xmlns="http://www.loc.gov/MARC21/slim"><record><leader>00616nam--2200205-i-4500</leader><controlfield tag="001">000040598</controlfield><controlfield tag="002">20161230</controlfield><controlfield tag="005">20161230201042</controlfield><controlfield tag="008">060222s1000------------r-----000-0-ger-d</controlfield><datafield ind1=" " ind2=" " tag="040"><subfield code="a">IFIN-HH</subfield></datafield><datafield ind1=" " ind2=" " tag="041"><subfield code="a">ger</subfield></datafield><datafield ind1=" " ind2=" " tag="080"><subfield code="a">621.039.8</subfield></datafield><datafield ind1="1" ind2=" " tag="100"><subfield code="a">Schmidt-kuster, W.J</subfield></datafield><datafield ind1="1" ind2="0" tag="245"><subfield code="a">Anwendung radioaktiver isotope in der textilforschung und technik</subfield><subfield code="b">Thiemig-taschenbucher band 9</subfield><subfield code="c">W.j. schmidt-kuster, l. wiesner</subfield></datafield><datafield ind1=" " ind2=" " tag="260"><subfield code="a">Munchen</subfield><subfield code="b">Verlag Karl Thiemig Kg</subfield><subfield code="c">1964</subfield></datafield><datafield ind1=" " ind2=" " tag="300"><subfield code="a">X+309 P</subfield></datafield><datafield ind1=" " ind2=" " tag="490"><subfield code="a">Thiemig-taschenbucher</subfield><subfield code="v">Band 9</subfield></datafield><datafield ind1="1" ind2=" " tag="700"><subfield code="a">Wiesner, L</subfield></datafield><datafield ind1=" " ind2=" " tag="852"><subfield code="a">19423</subfield><subfield code="c">539</subfield></datafield><datafield ind1=" " ind2=" " tag="CAT"><subfield code="a">Sys</subfield><subfield code="c">20110927</subfield><subfield code="h">165411</subfield></datafield></record></collection>